%YAML 1.1
%TAG !u! tag:unity3d.com,2011:
--- !u!1001 &100100000
Prefab:
  m_ObjectHideFlags: 1
  serializedVersion: 2
  m_Modification:
    m_TransformParent: {fileID: 0}
    m_Modifications: []
    m_RemovedComponents: []
  m_ParentPrefab: {fileID: 0}
  m_RootGameObject: {fileID: 1641109223776202}
  m_IsPrefabParent: 1
--- !u!1 &1021852164054318
GameObject:
  m_ObjectHideFlags: 0
  m_PrefabParentObject: {fileID: 0}
  m_PrefabInternal: {fileID: 100100000}
  serializedVersion: 5
  m_Component:
  - component: {fileID: 4242318746665022}
  - component: {fileID: 137901941306388102}
  m_Layer: 0
  m_Name: default
  m_TagString: Untagged
  m_Icon: {fileID: 0}
  m_NavMeshLayer: 0
  m_StaticEditorFlags: 0
  m_IsActive: 1
--- !u!1 &1036705107496322
GameObject:
  m_ObjectHideFlags: 1
  m_PrefabParentObject: {fileID: 0}
  m_PrefabInternal: {fileID: 100100000}
  serializedVersion: 5
  m_Component:
  - component: {fileID: 4356510500918118}
  m_Layer: 0
  m_Name: Bone05
  m_TagString: Untagged
  m_Icon: {fileID: 0}
  m_NavMeshLayer: 0
  m_StaticEditorFlags: 0
  m_IsActive: 1
--- !u!1 &1103380884152106
GameObject:
  m_ObjectHideFlags: 0
  m_PrefabParentObject: {fileID: 0}
  m_PrefabInternal: {fileID: 100100000}
  serializedVersion: 5
  m_Component:
  - component: {fileID: 4179206110796902}
  m_Layer: 0
  m_Name: Bone01
  m_TagString: Untagged
  m_Icon: {fileID: 0}
  m_NavMeshLayer: 0
  m_StaticEditorFlags: 0
  m_IsActive: 1
--- !u!1 &1352963164873428
GameObject:
  m_ObjectHideFlags: 1
  m_PrefabParentObject: {fileID: 0}
  m_PrefabInternal: {fileID: 100100000}
  serializedVersion: 5
  m_Component:
  - component: {fileID: 4064874975818106}
  m_Layer: 0
  m_Name: Bone07
  m_TagString: Untagged
  m_Icon: {fileID: 0}
  m_NavMeshLayer: 0
  m_StaticEditorFlags: 0
  m_IsActive: 1
--- !u!1 &1356557965069320
GameObject:
  m_ObjectHideFlags: 1
  m_PrefabParentObject: {fileID: 0}
  m_PrefabInternal: {fileID: 100100000}
  serializedVersion: 5
  m_Component:
  - component: {fileID: 4378163253500990}
  m_Layer: 0
  m_Name: Bone02
  m_TagString: Untagged
  m_Icon: {fileID: 0}
  m_NavMeshLayer: 0
  m_StaticEditorFlags: 0
  m_IsActive: 1
--- !u!1 &1380820798972280
GameObject:
  m_ObjectHideFlags: 1
  m_PrefabParentObject: {fileID: 0}
  m_PrefabInternal: {fileID: 100100000}
  serializedVersion: 5
  m_Component:
  - component: {fileID: 4424495053409722}
  m_Layer: 0
  m_Name: Bone10
  m_TagString: Untagged
  m_Icon: {fileID: 0}
  m_NavMeshLayer: 0
  m_StaticEditorFlags: 0
  m_IsActive: 1
--- !u!1 &1425838838906480
GameObject:
  m_ObjectHideFlags: 1
  m_PrefabParentObject: {fileID: 0}
  m_PrefabInternal: {fileID: 100100000}
  serializedVersion: 5
  m_Component:
  - component: {fileID: 4559199205268642}
  m_Layer: 0
  m_Name: Bone12
  m_TagString: Untagged
  m_Icon: {fileID: 0}
  m_NavMeshLayer: 0
  m_StaticEditorFlags: 0
  m_IsActive: 1
--- !u!1 &1463654684119866
GameObject:
  m_ObjectHideFlags: 1
  m_PrefabParentObject: {fileID: 0}
  m_PrefabInternal: {fileID: 100100000}
  serializedVersion: 5
  m_Component:
  - component: {fileID: 4115985870142346}
  m_Layer: 0
  m_Name: Bone04
  m_TagString: Untagged
  m_Icon: {fileID: 0}
  m_NavMeshLayer: 0
  m_StaticEditorFlags: 0
  m_IsActive: 1
--- !u!1 &1502535276486882
GameObject:
  m_ObjectHideFlags: 1
  m_PrefabParentObject: {fileID: 0}
  m_PrefabInternal: {fileID: 100100000}
  serializedVersion: 5
  m_Component:
  - component: {fileID: 4286817966410656}
  m_Layer: 0
  m_Name: Bone11
  m_TagString: Untagged
  m_Icon: {fileID: 0}
  m_NavMeshLayer: 0
  m_StaticEditorFlags: 0
  m_IsActive: 1
--- !u!1 &1529140646631632
GameObject:
  m_ObjectHideFlags: 1
  m_PrefabParentObject: {fileID: 0}
  m_PrefabInternal: {fileID: 100100000}
  serializedVersion: 5
  m_Component:
  - component: {fileID: 4517581494390272}
  m_Layer: 0
  m_Name: Bone03
  m_TagString: Untagged
  m_Icon: {fileID: 0}
  m_NavMeshLayer: 0
  m_StaticEditorFlags: 0
  m_IsActive: 1
--- !u!1 &1534075182997748
GameObject:
  m_ObjectHideFlags: 1
  m_PrefabParentObject: {fileID: 0}
  m_PrefabInternal: {fileID: 100100000}
  serializedVersion: 5
  m_Component:
  - component: {fileID: 4962043647341304}
  m_Layer: 0
  m_Name: Bone16
  m_TagString: Untagged
  m_Icon: {fileID: 0}
  m_NavMeshLayer: 0
  m_StaticEditorFlags: 0
  m_IsActive: 1
--- !u!1 &1534641936833358
GameObject:
  m_ObjectHideFlags: 1
  m_PrefabParentObject: {fileID: 0}
  m_PrefabInternal: {fileID: 100100000}
  serializedVersion: 5
  m_Component:
  - component: {fileID: 4871301294291586}
  m_Layer: 0
  m_Name: Bone06
  m_TagString: Untagged
  m_Icon: {fileID: 0}
  m_NavMeshLayer: 0
  m_StaticEditorFlags: 0
  m_IsActive: 1
--- !u!1 &1546359560336032
GameObject:
  m_ObjectHideFlags: 1
  m_PrefabParentObject: {fileID: 0}
  m_PrefabInternal: {fileID: 100100000}
  serializedVersion: 5
  m_Component:
  - component: {fileID: 4811707153753906}
  m_Layer: 0
  m_Name: Bone09
  m_TagString: Untagged
  m_Icon: {fileID: 0}
  m_NavMeshLayer: 0
  m_StaticEditorFlags: 0
  m_IsActive: 1
--- !u!1 &1555923826502144
GameObject:
  m_ObjectHideFlags: 0
  m_PrefabParentObject: {fileID: 0}
  m_PrefabInternal: {fileID: 100100000}
  serializedVersion: 5
  m_Component:
  - component: {fileID: 4009533584399938}
  m_Layer: 0
  m_Name: Bone15
  m_TagString: Untagged
  m_Icon: {fileID: 0}
  m_NavMeshLayer: 0
  m_StaticEditorFlags: 0
  m_IsActive: 1
--- !u!1 &1641109223776202
GameObject:
  m_ObjectHideFlags: 0
  m_PrefabParentObject: {fileID: 0}
  m_PrefabInternal: {fileID: 100100000}
  serializedVersion: 5
  m_Component:
  - component: {fileID: 4690065993089618}
  - component: {fileID: 111104803524450376}
  m_Layer: 0
  m_Name: black_redeye
  m_TagString: Untagged
  m_Icon: {fileID: 0}
  m_NavMeshLayer: 0
  m_StaticEditorFlags: 0
  m_IsActive: 1
--- !u!1 &1677235651298908
GameObject:
  m_ObjectHideFlags: 1
  m_PrefabParentObject: {fileID: 0}
  m_PrefabInternal: {fileID: 100100000}
  serializedVersion: 5
  m_Component:
  - component: {fileID: 4799016119398698}
  m_Layer: 0
  m_Name: Bone14
  m_TagString: Untagged
  m_Icon: {fileID: 0}
  m_NavMeshLayer: 0
  m_StaticEditorFlags: 0
  m_IsActive: 1
--- !u!1 &1724132309402568
GameObject:
  m_ObjectHideFlags: 0
  m_PrefabParentObject: {fileID: 0}
  m_PrefabInternal: {fileID: 100100000}
  serializedVersion: 5
  m_Component:
  - component: {fileID: 4180058465376522}
  m_Layer: 0
  m_Name: Bone13
  m_TagString: Untagged
  m_Icon: {fileID: 0}
  m_NavMeshLayer: 0
  m_StaticEditorFlags: 0
  m_IsActive: 1
--- !u!1 &1858731102795682
GameObject:
  m_ObjectHideFlags: 1
  m_PrefabParentObject: {fileID: 0}
  m_PrefabInternal: {fileID: 100100000}
  serializedVersion: 5
  m_Component:
  - component: {fileID: 4668512910073958}
  m_Layer: 0
  m_Name: Bone08
  m_TagString: Untagged
  m_Icon: {fileID: 0}
  m_NavMeshLayer: 0
  m_StaticEditorFlags: 0
  m_IsActive: 1
--- !u!4 &4009533584399938
Transform:
  m_ObjectHideFlags: 1
  m_PrefabParentObject: {fileID: 0}
  m_PrefabInternal: {fileID: 100100000}
  m_GameObject: {fileID: 1555923826502144}
  m_LocalRotation: {x: -0.56499374, y: 0.42518476, z: 0.42518476, w: 0.56499374}
  m_LocalPosition: {x: -0.097342715, y: -0.17017753, z: -0.82812643}
  m_LocalScale: {x: 1, y: 1, z: 1}
  m_Children:
  - {fileID: 4962043647341304}
  m_Father: {fileID: 4690065993089618}
  m_RootOrder: 2
  m_LocalEulerAnglesHint: {x: 0, y: 0, z: 0}
--- !u!4 &4064874975818106
Transform:
  m_ObjectHideFlags: 1
  m_PrefabParentObject: {fileID: 0}
  m_PrefabInternal: {fileID: 100100000}
  m_GameObject: {fileID: 1352963164873428}
  m_LocalRotation: {x: 1.7182912e-17, y: -0, z: -0, w: 1}
  m_LocalPosition: {x: -0.18024082, y: -0.000000011920928, z: -0.000000019073486}
  m_LocalScale: {x: 1, y: 1.0000001, z: 1.0000001}
  m_Children: []
  m_Father: {fileID: 4871301294291586}
  m_RootOrder: 0
  m_LocalEulerAnglesHint: {x: 0, y: 0, z: 0}
--- !u!4 &4115985870142346
Transform:
  m_ObjectHideFlags: 1
  m_PrefabParentObject: {fileID: 0}
  m_PrefabInternal: {fileID: 100100000}
  m_GameObject: {fileID: 1463654684119866}
  m_LocalRotation: {x: 0.0011636687, y: 0.04395939, z: -0.026436578, w: 0.99868286}
  m_LocalPosition: {x: -0.38060513, y: 0, z: 0}
  m_LocalScale: {x: 1, y: 1.0000001, z: 1}
  m_Children:
  - {fileID: 4356510500918118}
  m_Father: {fileID: 4517581494390272}
  m_RootOrder: 0
  m_LocalEulerAnglesHint: {x: 0, y: 0, z: 0}
--- !u!4 &4179206110796902
Transform:
  m_ObjectHideFlags: 1
  m_PrefabParentObject: {fileID: 0}
  m_PrefabInternal: {fileID: 100100000}
  m_GameObject: {fileID: 1103380884152106}
  m_LocalRotation: {x: 0.49759048, y: 0.502398, z: 0.49759042, w: 0.50239795}
  m_LocalPosition: {x: -0.0000000391036, y: 0.2870364, z: -0.89458615}
  m_LocalScale: {x: 0.99999994, y: 0.99999994, z: 1}
  m_Children:
  - {fileID: 4378163253500990}
  - {fileID: 4668512910073958}
  m_Father: {fileID: 4690065993089618}
  m_RootOrder: 0
  m_LocalEulerAnglesHint: {x: 0, y: 0, z: 0}
--- !u!4 &4180058465376522
Transform:
  m_ObjectHideFlags: 1
  m_PrefabParentObject: {fileID: 0}
  m_PrefabInternal: {fileID: 100100000}
  m_GameObject: {fileID: 1724132309402568}
  m_LocalRotation: {x: -0.07352838, y: 0.7032735, z: 0.7032735, w: 0.07352838}
  m_LocalPosition: {x: 0.07059849, y: -0.16150898, z: -0.8544702}
  m_LocalScale: {x: 0.99999994, y: 0.99999994, z: 1}
  m_Children:
  - {fileID: 4799016119398698}
  m_Father: {fileID: 4690065993089618}
  m_RootOrder: 1
  m_LocalEulerAnglesHint: {x: 0, y: 0, z: 0}
--- !u!4 &4242318746665022
Transform:
  m_ObjectHideFlags: 1
  m_PrefabParentObject: {fileID: 0}
  m_PrefabInternal: {fileID: 100100000}
  m_GameObject: {fileID: 1021852164054318}
  m_LocalRotation: {x: -0.7071068, y: 0, z: -0, w: 0.7071068}
  m_LocalPosition: {x: -0, y: 0, z: 0}
  m_LocalScale: {x: 1, y: 1, z: 1}
  m_Children: []
  m_Father: {fileID: 4690065993089618}
  m_RootOrder: 3
  m_LocalEulerAnglesHint: {x: 0, y: 0, z: 0}
--- !u!4 &4286817966410656
Transform:
  m_ObjectHideFlags: 1
  m_PrefabParentObject: {fileID: 0}
  m_PrefabInternal: {fileID: 100100000}
  m_GameObject: {fileID: 1502535276486882}
  m_LocalRotation: {x: 0.00000006528544, y: 0.00000003677631, z: 0.49080098, w: 0.8712717}
  m_LocalPosition: {x: -0.21669418, y: -0.000000095367426, z: -0.000000009536743}
  m_LocalScale: {x: 0.33519095, y: 0.33519092, z: 0.33519083}
  m_Children:
  - {fileID: 4559199205268642}
  m_Father: {fileID: 4668512910073958}
  m_RootOrder: 1
  m_LocalEulerAnglesHint: {x: 0, y: 0, z: 0}
--- !u!4 &4356510500918118
Transform:
  m_ObjectHideFlags: 1
  m_PrefabParentObject: {fileID: 0}
  m_PrefabInternal: {fileID: 100100000}
  m_GameObject: {fileID: 1036705107496322}
  m_LocalRotation: {x: -0.0023444125, y: 0.10415627, z: 0.020204846, w: 0.99435294}
  m_LocalPosition: {x: -0.21394779, y: -0.0000000023841857, z: 0}
  m_LocalScale: {x: 1, y: 1.0000001, z: 1}
  m_Children:
  - {fileID: 4871301294291586}
  m_Father: {fileID: 4115985870142346}
  m_RootOrder: 0
  m_LocalEulerAnglesHint: {x: 0, y: 0, z: 0}
--- !u!4 &4378163253500990
Transform:
  m_ObjectHideFlags: 1
  m_PrefabParentObject: {fileID: 0}
  m_PrefabInternal: {fileID: 100100000}
  m_GameObject: {fileID: 1356557965069320}
  m_LocalRotation: {x: -0.030538691, y: -0.030084413, z: -0.71173066, w: 0.7011432}
  m_LocalPosition: {x: -0.3347025, y: -0.0000019073486, z: -3.8360667e-10}
  m_LocalScale: {x: 1.0000002, y: 1.0000002, z: 1}
  m_Children:
  - {fileID: 4517581494390272}
  m_Father: {fileID: 4179206110796902}
  m_RootOrder: 0
  m_LocalEulerAnglesHint: {x: 0, y: 0, z: 0}
--- !u!4 &4424495053409722
Transform:
  m_ObjectHideFlags: 1
  m_PrefabParentObject: {fileID: 0}
  m_PrefabInternal: {fileID: 100100000}
  m_GameObject: {fileID: 1380820798972280}
  m_LocalRotation: {x: -0.0000000025028932, y: -0.0000000037543386, z: -0.00000009344133,
    w: 1}
  m_LocalPosition: {x: -0.30702087, y: -0.00000015258789, z: 0.000000076293944}
  m_LocalScale: {x: 1.1162955, y: 1.1162953, z: 1.1162951}
  m_Children: []
  m_Father: {fileID: 4811707153753906}
  m_RootOrder: 0
  m_LocalEulerAnglesHint: {x: 0, y: 0, z: 0}
--- !u!4 &4517581494390272
Transform:
  m_ObjectHideFlags: 1
  m_PrefabParentObject: {fileID: 0}
  m_PrefabInternal: {fileID: 100100000}
  m_GameObject: {fileID: 1529140646631632}
  m_LocalRotation: {x: 0.0007203257, y: 0.033427488, z: -0.021531856, w: 0.9992089}
  m_LocalPosition: {x: -0.39272636, y: 0.0000000500679, z: 0.0000000047683715}
  m_LocalScale: {x: 0.9999999, y: 0.99999994, z: 0.99999994}
  m_Children:
  - {fileID: 4115985870142346}
  m_Father: {fileID: 4378163253500990}
  m_RootOrder: 0
  m_LocalEulerAnglesHint: {x: 0, y: 0, z: 0}
--- !u!4 &4559199205268642
Transform:
  m_ObjectHideFlags: 1
  m_PrefabParentObject: {fileID: 0}
  m_PrefabInternal: {fileID: 100100000}
  m_GameObject: {fileID: 1425838838906480}
  m_LocalRotation: {x: -0.000000008769581, y: 8.7695706e-10, z: 0.000000112250625,
    w: 1}
  m_LocalPosition: {x: -0.2987953, y: 0.00000030517577, z: 0}
  m_LocalScale: {x: 1.0619922, y: 1.0619922, z: 1.0619922}
  m_Children: []
  m_Father: {fileID: 4286817966410656}
  m_RootOrder: 0
  m_LocalEulerAnglesHint: {x: 0, y: 0, z: 0}
--- !u!4 &4668512910073958
Transform:
  m_ObjectHideFlags: 1
  m_PrefabParentObject: {fileID: 0}
  m_PrefabInternal: {fileID: 100100000}
  m_GameObject: {fileID: 1858731102795682}
  m_LocalRotation: {x: -0.053917304, y: 0.06293161, z: 0.64838594, w: 0.7567881}
  m_LocalPosition: {x: -0.3347104, y: -0.0000018310546, z: -1.9372236e-12}
  m_LocalScale: {x: 1.0000002, y: 1.0000001, z: 1}
  m_Children:
  - {fileID: 4811707153753906}
  - {fileID: 4286817966410656}
  m_Father: {fileID: 4179206110796902}
  m_RootOrder: 1
  m_LocalEulerAnglesHint: {x: 0, y: 0, z: 0}
--- !u!4 &4690065993089618
Transform:
  m_ObjectHideFlags: 1
  m_PrefabParentObject: {fileID: 0}
  m_PrefabInternal: {fileID: 100100000}
  m_GameObject: {fileID: 1641109223776202}
  m_LocalRotation: {x: 0, y: 0, z: 0, w: 1}
  m_LocalPosition: {x: 0, y: 0, z: 0}
  m_LocalScale: {x: 0.3, y: 0.3, z: 0.3}
  m_Children:
  - {fileID: 4179206110796902}
  - {fileID: 4180058465376522}
  - {fileID: 4009533584399938}
  - {fileID: 4242318746665022}
  m_Father: {fileID: 0}
  m_RootOrder: 0
  m_LocalEulerAnglesHint: {x: 0, y: 0, z: 0}
--- !u!4 &4799016119398698
Transform:
  m_ObjectHideFlags: 1
  m_PrefabParentObject: {fileID: 0}
  m_PrefabInternal: {fileID: 100100000}
  m_GameObject: {fileID: 1677235651298908}
  m_LocalRotation: {x: 0, y: 0, z: 0.5522153, w: 0.83370155}
  m_LocalPosition: {x: -0.20412405, y: -0.000000076293944, z: 0}
  m_LocalScale: {x: 1.0000002, y: 1.0000002, z: 1}
  m_Children: []
  m_Father: {fileID: 4180058465376522}
  m_RootOrder: 0
  m_LocalEulerAnglesHint: {x: 0, y: 0, z: 0}
--- !u!4 &4811707153753906
Transform:
  m_ObjectHideFlags: 1
  m_PrefabParentObject: {fileID: 0}
  m_PrefabInternal: {fileID: 100100000}
  m_GameObject: {fileID: 1546359560336032}
  m_LocalRotation: {x: 0.000000019637307, y: 0.000000005850602, z: 0.28552997, w: 0.9583698}
  m_LocalPosition: {x: -0.21669425, y: -0.000000038146972, z: 0.000000028610229}
  m_LocalScale: {x: 0.31670374, y: 0.31670374, z: 0.31670374}
  m_Children:
  - {fileID: 4424495053409722}
  m_Father: {fileID: 4668512910073958}
  m_RootOrder: 0
  m_LocalEulerAnglesHint: {x: 0, y: 0, z: 0}
--- !u!4 &4871301294291586
Transform:
  m_ObjectHideFlags: 1
  m_PrefabParentObject: {fileID: 0}
  m_PrefabInternal: {fileID: 100100000}
  m_GameObject: {fileID: 1534641936833358}
  m_LocalRotation: {x: -0.0028084295, y: 0.097224936, z: 0.024366504, w: 0.9949602}
  m_LocalPosition: {x: -0.21300216, y: 0.000000020861625, z: 0.0000000047683715}
  m_LocalScale: {x: 1.0000002, y: 1.0000002, z: 1}
  m_Children:
  - {fileID: 4064874975818106}
  m_Father: {fileID: 4356510500918118}
  m_RootOrder: 0
  m_LocalEulerAnglesHint: {x: 0, y: 0, z: 0}
--- !u!4 &4962043647341304
Transform:
  m_ObjectHideFlags: 1
  m_PrefabParentObject: {fileID: 0}
  m_PrefabInternal: {fileID: 100100000}
  m_GameObject: {fileID: 1534075182997748}
  m_LocalRotation: {x: 0, y: -0, z: -0, w: 1}
  m_LocalPosition: {x: -0.20218906, y: 0, z: 0}
  m_LocalScale: {x: 1, y: 1, z: 1}
  m_Children: []
  m_Father: {fileID: 4009533584399938}
  m_RootOrder: 0
  m_LocalEulerAnglesHint: {x: 0, y: 0, z: 0}
--- !u!111 &111104803524450376
Animation:
  m_ObjectHideFlags: 1
  m_PrefabParentObject: {fileID: 0}
  m_PrefabInternal: {fileID: 100100000}
  m_GameObject: {fileID: 1641109223776202}
  m_Enabled: 1
  serializedVersion: 3
  m_Animation: {fileID: 7400000, guid: 2587e391648fd89458ce07b8e9e67522, type: 3}
  m_Animations:
  - {fileID: 7400000, guid: 2587e391648fd89458ce07b8e9e67522, type: 3}
  - {fileID: 7400002, guid: 2587e391648fd89458ce07b8e9e67522, type: 3}
  - {fileID: 7400004, guid: 2587e391648fd89458ce07b8e9e67522, type: 3}
  m_WrapMode: 0
  m_PlayAutomatically: 1
  m_AnimatePhysics: 0
  m_CullingType: 1
--- !u!137 &137901941306388102
SkinnedMeshRenderer:
  m_ObjectHideFlags: 1
  m_PrefabParentObject: {fileID: 0}
  m_PrefabInternal: {fileID: 100100000}
  m_GameObject: {fileID: 1021852164054318}
  m_Enabled: 1
  m_CastShadows: 1
  m_ReceiveShadows: 1
  m_DynamicOccludee: 1
  m_MotionVectors: 1
  m_LightProbeUsage: 1
  m_ReflectionProbeUsage: 1
  m_Materials:
  - {fileID: 2100000, guid: 3a745a191b562404db43fc5f3fac34ff, type: 2}
  m_StaticBatchInfo:
    firstSubMesh: 0
    subMeshCount: 0
  m_StaticBatchRoot: {fileID: 0}
  m_ProbeAnchor: {fileID: 0}
  m_LightProbeVolumeOverride: {fileID: 0}
  m_ScaleInLightmap: 1
  m_PreserveUVs: 0
  m_IgnoreNormalsForChartDetection: 0
  m_ImportantGI: 0
  m_StitchLightmapSeams: 0
  m_SelectedEditorRenderState: 3
  m_MinimumChartSize: 4
  m_AutoUVMaxDistance: 0.5
  m_AutoUVMaxAngle: 89
  m_LightmapParameters: {fileID: 0}
  m_SortingLayerID: 0
  m_SortingLayer: 0
  m_SortingOrder: 0
  serializedVersion: 2
  m_Quality: 0
  m_UpdateWhenOffscreen: 0
  m_SkinnedMotionVectors: 1
  m_Mesh: {fileID: 4300000, guid: 2587e391648fd89458ce07b8e9e67522, type: 3}
  m_Bones:
  - {fileID: 4115985870142346}
  - {fileID: 4517581494390272}
  - {fileID: 4356510500918118}
  - {fileID: 4871301294291586}
  - {fileID: 4064874975818106}
  - {fileID: 4378163253500990}
  - {fileID: 4179206110796902}
  - {fileID: 4668512910073958}
  - {fileID: 4811707153753906}
  - {fileID: 4424495053409722}
  - {fileID: 4286817966410656}
  - {fileID: 4559199205268642}
  - {fileID: 4180058465376522}
  - {fileID: 4799016119398698}
  - {fileID: 4009533584399938}
  - {fileID: 4962043647341304}
  m_BlendShapeWeights: []
  m_RootBone: {fileID: 4179206110796902}
  m_AABB:
    m_Center: {x: -0.30174643, y: 0.62257874, z: 0.011291236}
    m_Extent: {x: 0.437747, y: 0.9789239, z: 0.3098584}
  m_DirtyAABB: 0
